@Article{Lim_2014,
  doi = {10.1002/jcph.427},
  url = {http://dx.doi.org/10.1002/jcph.427},
  year = {2014},
  month = {dec},
  publisher = {Wiley-Blackwell},
  volume = {55},
  number = {4},
  pages = {458--466},
  author = {Hyeong-Seok Lim and Kyun-Seop Bae},
  title = {Modeling and simulation analysis of the relationship between lesion recurrence on brain images and clinical recurrence in patients with ischemic stroke},
  journal = {The Journal of Clinical Pharmacology},
}
